%% Saved with string encoding Unicode (UTF-8) 

@misc{rfc1930,
	Author = {J. Hawkinson and T. Bates},
	Title = {Guidelines for creation of an {AS}},
	Month = {March},
	Year = 1996}

@misc{IDRTut,
	Author = {Geoff Huston},
	Title = {{Inter-Domain} Routing},
	Month = {December},
	Year = 2007}

@misc{BGPStream,
	Author = {A. Dainotti and A. King and C. Orsini and V. Asturiano},
	Title = {{BGPStream} -- A framework for {BGP} data analysis},
	Month = {May},
	Year = 2015}

@mastersthesis{Holler11,
	Author = {Fabian Holler},
	Title = {Design and implementation of a client-sided {RPKI-RTR} library for origin validation of {BGP} routes},
	Type = {Bachelor's thesis},
	School = {Hamburg University of Applied Sciences},
	Month = {November},
	Year = 2011}

@misc{Mohapatra10,
	Author = {Pradosh Mohapatra},
	Title = {{BGP} Prefix Origin Validation},
	Month = {June},
	Year = 2010}

@misc{GILRS12,
	Author = {E. Gregori and A. Improta and L. Lenzini and L. Rossi and L. Sani},
	Title = {On the Incompleteness of the {AS}-level Graph: a Novel Methodology for {BGP} Route Collector Placement},
	Month = {November},
	Year = 2012}

@misc{OWK12,
	Author = {C. Olschanowsky and L. Weikum and J. Kemp},
	Title = {{RouteViews} + {BGPmon} -- Enabling {BGP} Monitoring and Analysis},
	Month = {February},
	Year = 2014}
